@PREAMBLE{
 "\providecommand{\noopsort}[1]{}" 
 # "\providecommand{\singleletter}[1]{#1}%" 
}

@article{Randall:900484,
      author        = "Randall, Lisa",
      title         = "{Unraveling the Mysteries of the Universe's hidden
                       dimensions}",
      journal       = "Globe Mail (Canada)",
      number        = "PRESSCUT-H-2005-212",
      pages         = "D14",
      year          = "2005",
      url           = "https://cds.cern.ch/record/900484",
}


@article{feinberg1967possibility,
  title={Possibility of faster-than-light particles},
  author={Feinberg, Gerald},
  journal={Physical Review},
  volume={159},
  number={5},
  pages={1089},
  year={1967},
  publisher={APS}
}

@misc{eberly2013review,
  title={Review of Modern Physics, by Paul A. Tipler and Ralph A. Llewellyn: Scope: reference, textbook. Level: undergraduate, advanced undergraduate, teacher},
  author={Eberly, Joseph},
  year={2013},
  publisher={Taylor \& Francis}
}

@article{hill2012einstein,
  title={Einstein's special relativity beyond the speed of light},
  author={Hill, James M and Cox, Barry J},
  journal={Proceedings of the Royal Society A: Mathematical, Physical and Engineering Sciences},
  volume={468},
  number={2148},
  pages={4174--4192},
  year={2012},
  publisher={The Royal Society Publishing}
}

@article{bilaniuk1969particles,
  title={Particles beyond the light barrier},
  author={Bilaniuk, Olexa-Myron and Sudarshan, EC George},
  journal={Physics Today},
  volume={22},
  number={5},
  pages={43--51},
  year={1969}
}


@article{sen2002rolling,
  title={Rolling tachyon},
  author={Sen, Ashoke},
  journal={Journal of High Energy Physics},
  volume={2002},
  number={04},
  pages={048},
  year={2002},
  publisher={IOP Publishing}
}

@article{nanni2018particle,
  title={Particle Mass Oscillation through Tachyon Interaction},
  author={Nanni, Luca},
  journal={arXiv preprint arXiv:1807.08602},
  year={2018}
}

@article{kostelecky1988static,
  title={The static tachyon potential in the open bosonic string theory},
  author={Kosteleck{\`y}, V Alan and Samuel, Stuart},
  journal={Physics Letters B},
  volume={207},
  number={2},
  pages={169--173},
  year={1988},
  publisher={Elsevier}
}

@article{mazumdar2001assisted,
  title={Assisted inflation via tachyon condensation},
  author={Mazumdar, Anupam and Panda, Sudhakar and Perez-Lorenzana, Abdel},
  journal={Nuclear Physics B},
  volume={614},
  number={1-2},
  pages={101--116},
  year={2001},
  publisher={Elsevier}
}

@article{feinberg1978lorentz,
  title={Lorentz invariance of tachyon theories},
  author={Feinberg, G},
  journal={Physical Review D},
  volume={17},
  number={6},
  pages={1651},
  year={1978},
  publisher={APS}
}

@article{copeland2005needed,
  title={What is needed of a tachyon if it is to be the dark energy?},
  author={Copeland, Edmund J and Garousi, Mohammad R and Sami, M and Tsujikawa, Shinji},
  journal={Physical Review D},
  volume={71},
  number={4},
  pages={043003},
  year={2005},
  publisher={APS}
}



@article{barcelo2010impossibility,
  title={On the impossibility of superluminal travel: the warp drive lesson},
  author={Barcel{\'o}, Carlos and Finazzi, Stefano and Liberati, Stefano},
  journal={arXiv preprint arXiv:1001.4960},
  year={2010}
}


@article{coleman1999high,
  title={High-energy tests of Lorentz invariance},
  author={Coleman, Sidney and Glashow, Sheldon L},
  journal={Physical Review D},
  volume={59},
  number={11},
  pages={116008},
  year={1999},
  publisher={APS}
}
